@article{rajpurkar2016squad,
  title={Squad: 100,000+ questions for machine comprehension of text},
  author={Rajpurkar, Pranav and Zhang, Jian and Lopyrev, Konstantin and Liang, Percy},
  journal={arXiv preprint arXiv:1606.05250},
  year={2016}
}
@inproceedings{wang2017gated,
  title={Gated self-matching networks for reading comprehension and question answering},
  author={Wang, Wenhui and Yang, Nan and Wei, Furu and Chang, Baobao and Zhou, Ming},
  booktitle={Proceedings of the 55th Annual Meeting of the Association for Computational Linguistics (Volume 1: Long Papers)},
  volume={1},
  pages={189--198},
  year={2017}
}
@article{hu2017reinforced,
  title={Reinforced mnemonic reader for machine comprehension},
  author={Hu, Minghao and Peng, Yuxing and Qiu, Xipeng},
  journal={CoRR, abs/1705.02798},
  year={2017}
}
@article{seo2016bidirectional,
  title={Bidirectional attention flow for machine comprehension},
  author={Seo, Minjoon and Kembhavi, Aniruddha and Farhadi, Ali and Hajishirzi, Hannaneh},
  journal={arXiv preprint arXiv:1611.01603},
  year={2016}
}
@article{jia2017adversarial,
  title={Adversarial examples for evaluating reading comprehension systems},
  author={Jia, Robin and Liang, Percy},
  journal={arXiv preprint arXiv:1707.07328},
  year={2017}
}
@inproceedings{arthur2007k,
	title={k-means++: The advantages of careful seeding},
	author={Arthur, David and Vassilvitskii, Sergei},
	booktitle={Proceedings of the eighteenth annual ACM-SIAM symposium on Discrete algorithms},
	pages={1027--1035},
	year={2007},
	organization={Society for Industrial and Applied Mathematics}
}
@article{bahmani2012scalable,
	title={Scalable k-means++},
	author={Bahmani, Bahman and Moseley, Benjamin and Vattani, Andrea and Kumar, Ravi and Vassilvitskii, Sergei},
	journal={Proceedings of the VLDB Endowment},
	volume={5},
	number={7},
	pages={622--633},
	year={2012},
	publisher={VLDB Endowment}
}
@article{lloyd1982least,
	title={Least squares quantization in PCM},
	author={Lloyd, Stuart},
	journal={IEEE transactions on information theory},
	volume={28},
	number={2},
	pages={129--137},
	year={1982},
	publisher={IEEE}
}
@inproceedings{bachem2016approximate,
	title={Approximate K-Means++ in Sublinear Time.},
	author={Bachem, Olivier and Lucic, Mario and Hassani, S Hamed and Krause, Andreas},
	year={2016}
}
@inproceedings{stella2003multiclass,
	title={Multiclass spectral clustering},
	author={Stella, X Yu and Shi, Jianbo},
	booktitle={null},
	pages={313},
	year={2003},
	organization={IEEE}
}
@inproceedings{Mohan:2017:BNA:3172077.3172235,
	author = {Mohan, Mahesh and Monteleoni, Claire},
	title = {Beyond the Nystrom Approximation: Speeding Up Spectral Clustering Using Uniform Sampling and Weighted Kernel K-means},
	booktitle = {Proceedings of the 26th International Joint Conference on Artificial Intelligence},
	series = {IJCAI'17},
	year = {2017},
	isbn = {978-0-9992411-0-3},
	location = {Melbourne, Australia},
	pages = {2494--2500},
	numpages = {7},
	url = {http://dl.acm.org/citation.cfm?id=3172077.3172235},
	acmid = {3172235},
	publisher = {AAAI Press},
}
@inproceedings{czumaj2004sublinear,
	title={Sublinear-time approximation for clustering via random sampling},
	author={Czumaj, Artur and Sohler, Christian},
	booktitle={International Colloquium on Automata, Languages, and Programming},
	pages={396--407},
	year={2004},
	organization={Springer}
}