% Encoding: UTF-8
@article{akiyama2019first,
  title={First M87 event horizon telescope results. IV. Imaging the central supermassive black hole},
  author={Akiyama, Kazunori and Alberdi, Antxon and Alef, Walter and Asada, Keiichi and Azulay, Rebecca and Baczko, Anne-Kathrin and Ball, David and Balokovi{\'c}, Mislav and Barrett, John and Bintley, Dan and others},
  journal={The Astrophysical Journal Letters},
  volume={875},
  number={1},
  pages={L4},
  year={2019},
  publisher={IOP Publishing}
}
@article{beyer2012importance,
  title={The importance of ‘big data’: a definition},
  author={Beyer, Mark A and Laney, Douglas},
  journal={Stamford, CT: Gartner},
  volume={},
  pages={2014--2018},
  year={2012}
}
@TECHREPORT{Asets,
  author = {I. K\"arkk\"ainen and P. Fr\"anti},
  title = {Dynamic local search algorithm for the clustering problem},
  institution = {Department of Computer Science, University of Joensuu},
  address = {Joensuu, Finland},
  number = {A-2002-6},
  year = {2002}
}
@article{Birchsets,
  author = {T. Zhang and R. Ramakrishnan and M. Livny},
  title = {BIRCH: A new data clustering algorithm and its applications},
  journal = {Data Mining and Knowledge Discovery},
  year = {1997},
  volume = {1},
  number = {2},
  pages = {141--182}
}
@article{foussette2004kdd,
  title={Kdd-cup 2004: protein homology task},
  author={Foussette, Christophe and Hakenjos, Daniel and Scholz, Martin},
  journal={ACM SIGKDD Explorations Newsletter},
  volume={6},
  number={2},
  pages={128--131},
  year={2004},
  publisher={ACM}
}
@inproceedings{ding2015yinyang,
  title={Yinyang k-means: A drop-in replacement of the classic k-means with consistent speedup},
  author={Ding, Yufei and Zhao, Yue and Shen, Xipeng and Musuvathi, Madanlal and Mytkowicz, Todd},
  booktitle={International Conference on Machine Learning},
  pages={579--587},
  year={2015}
}
@inproceedings{elkan2003using,
  title={Using the triangle inequality to accelerate k-means},
  author={Elkan, Charles},
  booktitle={Proceedings of the 20th international conference on machine learning (ICML-03)},
  pages={147--153},
  year={2003}
}
@inproceedings{drake2012accelerated,
  title={Accelerated k-means with adaptive distance bounds},
  author={Drake, Jonathan and Hamerly, Greg},
  booktitle={5th NIPS workshop on optimization for machine learning},
  volume={8},
  year={2012}
}
@techreport{newling2018novel,
  title={Novel Algorithms For Clustering},
  author={Newling, James Peter},
  year={2018},
  institution={EPFL}
}
@article{uzilov2006detection,
  title={Detection of non-coding RNAs on the basis of predicted secondary structure formation free energy change},
  author={Uzilov, Andrew V and Keegan, Joshua M and Mathews, David H},
  journal={BMC bioinformatics},
  volume={7},
  number={1},
  pages={173},
  year={2006},
  publisher={BioMed Central}
}
@inproceedings{stella2003multiclass,
  title={Multiclass spectral clustering},
  author={Stella, X Yu and Shi, Jianbo},
  booktitle={null},
  pages={313},
  year={2003},
  organization={IEEE}
}
@inproceedings{dhillon2004kernel,
  title={Kernel k-means: spectral clustering and normalized cuts},
  author={Dhillon, Inderjit S and Guan, Yuqiang and Kulis, Brian},
  booktitle={Proceedings of the tenth ACM SIGKDD international conference on Knowledge discovery and data mining},
  pages={551--556},
  year={2004},
  organization={ACM}
}
@article{cattral2002evolutionary,
  title={Evolutionary data mining with automatic rule generalization},
  author={Cattral, Robert and Oppacher, Franz and Deugo, Dwight},
  journal={Recent Advances in Computers, Computing and Communications},
  volume={1},
  number={1},
  pages={296--300},
  year={2002},
  publisher={WSEAS Press}
}
@article{sambasivam2006advanced,
  title={Advanced Data Clustering Methods of Mining Web Documents.},
  author={Sambasivam, Samuel and Theodosopoulos, Nick},
  journal={Issues in Informing Science \& Information Technology},
  volume={3},
  year={2006}
}
@inproceedings{karypis2000comparison,
  title={A comparison of document clustering techniques},
  author={Karypis, Michael Steinbach George and Kumar, Vipin and Steinbach, Michael},
  booktitle={TextMining Workshop at KDD2000 (May 2000)},
  year={2000}
}
@inproceedings{musco2017recursive,
  title={Recursive sampling for the nystrom method},
  author={Musco, Cameron and Musco, Christopher},
  booktitle={Advances in Neural Information Processing Systems},
  pages={3833--3845},
  year={2017}
}
@book{jain1988algorithms,
  title={Algorithms for clustering data},
  author={Jain, Anil K and Dubes, Richard C},
  year={1988},
  publisher={Prentice-Hall, Inc.}
}
@inproceedings{bachem2016approximate,
  title={Approximate K-Means++ in Sublinear Time.},
  author={Bachem, Olivier and Lucic, Mario and Hassani, S Hamed and Krause, Andreas},
  year={2016}
}
@article{fowlkes2004spectral,
  title={Spectral grouping using the Nystrom method},
  author={Fowlkes, Charless and Belongie, Serge and Chung, Fan and Malik, Jitendra},
  journal={IEEE transactions on pattern analysis and machine intelligence},
  volume={26},
  number={2},
  pages={214--225},
  year={2004},
  publisher={IEEE}
}
@inproceedings{Mohan:2017:BNA:3172077.3172235,
 author = {Mohan, Mahesh and Monteleoni, Claire},
 title = {Beyond the Nystrom Approximation: Speeding Up Spectral Clustering Using Uniform Sampling and Weighted Kernel K-means},
 booktitle = {Proceedings of the 26th International Joint Conference on Artificial Intelligence},
 series = {IJCAI'17},
 year = {2017},
 isbn = {978-0-9992411-0-3},
 location = {Melbourne, Australia},
 pages = {2494--2500},
 numpages = {7},
 url = {http://dl.acm.org/citation.cfm?id=3172077.3172235},
 acmid = {3172235},
 publisher = {AAAI Press},
} 
@phdthesis{bachem2018sampling,
  title={Sampling for Large-Scale Clustering},
  author={Bachem, Olivier Fr{\'e}d{\'e}ric},
  year={2018},
  school={ETH Zurich}
}
@article{gittens2016revisiting,
  title={Revisiting the Nystr{\"o}m method for improved large-scale machine learning},
  author={Gittens, Alex and Mahoney, Michael W},
  journal={The Journal of Machine Learning Research},
  volume={17},
  number={1},
  pages={3977--4041},
  year={2016},
  publisher={JMLR. org}
}
@inproceedings{williams2001using,
  title={Using the Nystr{\"o}m method to speed up kernel machines},
  author={Williams, Christopher KI and Seeger, Matthias},
  booktitle={Advances in neural information processing systems},
  pages={682--688},
  year={2001}
}
@inproceedings{bachem2017distributed,
  title={Distributed and provably good seedings for k-means in constant rounds},
  author={Bachem, Olivier and Lucic, Mario and Krause, Andreas},
  booktitle={International Conference on Machine Learning},
  pages={292--300},
  year={2017}
}
@article{bahmani2012scalable,
  title={Scalable k-means++},
  author={Bahmani, Bahman and Moseley, Benjamin and Vattani, Andrea and Kumar, Ravi and Vassilvitskii, Sergei},
  journal={Proceedings of the VLDB Endowment},
  volume={5},
  number={7},
  pages={622--633},
  year={2012},
  publisher={VLDB Endowment}
}
@article{ackermann2012streamkm++,
  title={StreamKM++: A clustering algorithm for data streams},
  author={Ackermann, Marcel R and M{\"a}rtens, Marcus and Raupach, Christoph and Swierkot, Kamil and Lammersen, Christiane and Sohler, Christian},
  journal={Journal of Experimental Algorithmics (JEA)},
  volume={17},
  pages={2--4},
  year={2012},
  publisher={ACM}
}
@inproceedings{bachem2016fast,
  title={Fast and provably good seedings for k-means},
  author={Bachem, Olivier and Lucic, Mario and Hassani, Hamed and Krause, Andreas},
  booktitle={Advances in Neural Information Processing Systems},
  pages={55--63},
  year={2016}
}
@article{bachem2017scalable,
  title={Scalable and distributed clustering via lightweight coresets},
  author={Bachem, Olivier and Lucic, Mario and Krause, Andreas},
  journal={arXiv preprint arXiv:1702.08248},
  year={2017}
}
@inproceedings{arthur2007k,
  title={k-means++: The advantages of careful seeding},
  author={Arthur, David and Vassilvitskii, Sergei},
  booktitle={Proceedings of the eighteenth annual ACM-SIAM symposium on Discrete algorithms},
  pages={1027--1035},
  year={2007},
  organization={Society for Industrial and Applied Mathematics}
}
@incollection{aggarwal2009adaptive,
  title={Adaptive sampling for k-means clustering},
  author={Aggarwal, Ankit and Deshpande, Amit and Kannan, Ravi},
  booktitle={Approximation, Randomization, and Combinatorial Optimization. Algorithms and Techniques},
  pages={15--28},
  year={2009},
  publisher={Springer}
}
@inproceedings{wei2016constant,
  title={A constant-factor bi-criteria approximation guarantee for k-means++},
  author={Wei, Dennis},
  booktitle={Advances in Neural Information Processing Systems},
  pages={604--612},
  year={2016}
}
@inproceedings{han2017orthogonal,
  title={Orthogonal and nonnegative graph reconstruction for large scale clustering},
  author={Han, Junwei and Xiong, Kai and Nie, Feiping},
  booktitle={Twenty-Sixth International Joint Conference on Artificial Intelligence},
  pages={1809--1815},
  year={2017}
}
@inproceedings{malinen2014balanced,
  title={Balanced k-means for clustering},
  author={Malinen, Mikko I and Fr{\"a}nti, Pasi},
  booktitle={Joint IAPR International Workshops on Statistical Techniques in Pattern Recognition (SPR) and Structural and Syntactic Pattern Recognition (SSPR)},
  pages={32--41},
  year={2014},
  organization={Springer}
}
@inproceedings{liu2017balanced,
  title={Balanced Clustering with Least Square Regression.},
  author={Liu, Hanyang and Han, Junwei and Nie, Feiping and Li, Xuelong},
  booktitle={AAAI},
  pages={2231--2237},
  year={2017}
}
@article{zaharia2010spark,
  title={Spark: Cluster computing with working sets.},
  author={Zaharia, Matei and Chowdhury, Mosharaf and Franklin, Michael J and Shenker, Scott and Stoica, Ion},
  journal={HotCloud},
  volume={10},
  number={10-10},
  pages={95},
  year={2010}
}
@article{zaharia2016apache,
  title={Apache spark: a unified engine for big data processing},
  author={Zaharia, Matei and Xin, Reynold S and Wendell, Patrick and Das, Tathagata and Armbrust, Michael and Dave, Ankur and Meng, Xiangrui and Rosen, Josh and Venkataraman, Shivaram and Franklin, Michael J and others},
  journal={Communications of the ACM},
  volume={59},
  number={11},
  pages={56--65},
  year={2016},
  publisher={ACM}
}
@article{hastings1970monte,
  title={Monte Carlo sampling methods using Markov chains and their applications},
  author={Hastings, W Keith},
  year={1970},
  publisher={Oxford University Press}
}
@inproceedings{macqueen1967some,
  title={Some methods for classification and analysis of multivariate observations},
  author={MacQueen, James and others},
  booktitle={Proceedings of the fifth Berkeley symposium on mathematical statistics and probability},
  volume={1},
  number={14},
  pages={281--297},
  year={1967},
  organization={Oakland, CA, USA}
}
@article{von2007tutorial,
  title={A tutorial on spectral clustering},
  author={Von Luxburg, Ulrike},
  journal={Statistics and computing},
  volume={17},
  number={4},
  pages={395--416},
  year={2007},
  publisher={Springer}
}
@article{pearson1901liii,
  title={LIII. On lines and planes of closest fit to systems of points in space},
  author={Pearson, Karl},
  journal={The London, Edinburgh, and Dublin Philosophical Magazine and Journal of Science},
  volume={2},
  number={11},
  pages={559--572},
  year={1901},
  publisher={Taylor \& Francis}
}
@article{tenenbaum2000global,
  title={A global geometric framework for nonlinear dimensionality reduction},
  author={Tenenbaum, Joshua B and De Silva, Vin and Langford, John C},
  journal={science},
  volume={290},
  number={5500},
  pages={2319--2323},
  year={2000},
  publisher={American Association for the Advancement of Science}
}
@article{roweis2000nonlinear,
  title={Nonlinear dimensionality reduction by locally linear embedding},
  author={Roweis, Sam T and Saul, Lawrence K},
  journal={science},
  volume={290},
  number={5500},
  pages={2323--2326},
  year={2000},
  publisher={American Association for the Advancement of Science}
}
@inproceedings{mahajan2009planar,
  title={The planar k-means problem is NP-hard},
  author={Mahajan, Meena and Nimbhorkar, Prajakta and Varadarajan, Kasturi},
  booktitle={International Workshop on Algorithms and Computation},
  pages={274--285},
  year={2009},
  organization={Springer}
}
@article{forgy1965cluster,
  title={Cluster analysis of multivariate data: efficiency versus interpretability of classifications},
  author={Forgy, Edward W},
  journal={biometrics},
  volume={21},
  pages={768--769},
  year={1965}
}
@article{cao2009initialization,
  title={An initialization method for the K-Means algorithm using neighborhood model},
  author={Cao, Fuyuan and Liang, Jiye and Jiang, Guang},
  journal={Computers \& Mathematics with Applications},
  volume={58},
  number={3},
  pages={474--483},
  year={2009},
  publisher={Elsevier}
}
@inproceedings{yan2009fast,
  title={Fast approximate spectral clustering},
  author={Yan, Donghui and Huang, Ling and Jordan, Michael I},
  booktitle={Proceedings of the 15th ACM SIGKDD international conference on Knowledge discovery and data mining},
  pages={907--916},
  year={2009},
  organization={ACM}
}
@inproceedings{chen2017scalable,
  title={Scalable Normalized Cut with Improved Spectral Rotation.},
  author={Chen, Xiaojun and Nie, Feiping and Huang, Joshua Zhexue and Yang, Min}
}
@article{宁康2015生物医学大数据的现状与展望,
  title={生物医学大数据的现状与展望},
  author={宁康 and 陈挺},
  journal={科学通报 (中文版)},
  volume={60},
  number={5/6},
  pages={534--546},
  year={2015}
}

@Article{balasubramanian2002isomap,
  author    = {Balasubramanian, Mukund and Schwartz, Eric L},
  title     = {The isomap algorithm and topological stability},
  journal   = {Science},
  year      = {2002},
  volume    = {295},
  number    = {5552},
  pages     = {7--7},
  publisher = {American Association for the Advancement of Science},
}
@article{bachem2017practical,
  title={Practical coreset constructions for machine learning},
  author={Bachem, Olivier and Lucic, Mario and Krause, Andreas},
  journal={arXiv preprint arXiv:1703.06476},
  year={2017}
}
@inproceedings{feldman2013turning,
  title={Turning big data into tiny data: Constant-size coresets for k-means, pca and projective clustering},
  author={Feldman, Dan and Schmidt, Melanie and Sohler, Christian},
  booktitle={Proceedings of the twenty-fourth annual ACM-SIAM symposium on Discrete algorithms},
  pages={1434--1453},
  year={2013},
  organization={Society for Industrial and Applied Mathematics}
}

@Article{mettu2004optimal,
  author    = {Mettu, Ramgopal R and Plaxton, C Greg},
  title     = {Optimal time bounds for approximate clustering},
  journal   = {Machine Learning},
  year      = {2004},
  volume    = {56},
  number    = {1-3},
  pages     = {35--60},
  publisher = {Springer},
}
@article{arya2004local,
  title={Local search heuristics for k-median and facility location problems},
  author={Arya, Vijay and Garg, Naveen and Khandekar, Rohit and Meyerson, Adam and Munagala, Kamesh and Pandit, Vinayaka},
  journal={SIAM Journal on computing},
  volume={33},
  number={3},
  pages={544--562},
  year={2004},
  publisher={SIAM}
}
@article{kanungo2004local,
  title={A local search approximation algorithm for k-means clustering},
  author={Kanungo, Tapas and Mount, David M and Netanyahu, Nathan S and Piatko, Christine D and Silverman, Ruth and Wu, Angela Y},
  journal={Computational Geometry},
  volume={28},
  number={2-3},
  pages={89--112},
  year={2004},
  publisher={Elsevier}
}

@InProceedings{pmlr-v97-lattanzi19a,
  title =    {A Better k-means++ Algorithm via Local Search},
  author =   {Lattanzi, Silvio and Sohler, Christian},
  booktitle =    {Proceedings of the 36th International Conference on Machine Learning},
  pages =    {3662--3671},
  year =   {2019},
  editor =   {Chaudhuri, Kamalika and Salakhutdinov, Ruslan},
  volume =   {97},
  series =   {Proceedings of Machine Learning Research},
  address =    {Long Beach, California, USA},
  month =    {09--15 Jun},
  publisher =    {PMLR},
  url =    {http://proceedings.mlr.press/v97/lattanzi19a.html}
}
@inproceedings{charikar1999improved,
  title={Improved combinatorial algorithms for the facility location and k-median problems},
  author={Charikar, Moses and Guha, Sudipto},
  booktitle={40th Annual Symposium on Foundations of Computer Science (Cat. No. 99CB37039)},
  pages={378--388},
  year={1999},
  organization={IEEE}
}
@inproceedings{ben2004framework,
  title={A framework for statistical clustering with a constant time approximation algorithms for k-median clustering},
  author={Ben-David, Shai},
  booktitle={International Conference on Computational Learning Theory},
  pages={415--426},
  year={2004},
  organization={Springer}
}
@article{garey1982complexity,
  title={The complexity of the generalized Lloyd-max problem (corresp.)},
  author={Garey, MR and Johnson, D and Witsenhausen, Hans},
  journal={IEEE Transactions on Information Theory},
  volume={28},
  number={2},
  pages={255--256},
  year={1982},
  publisher={IEEE}
}
@article{kleinberg1998microeconomic,
  title={A microeconomic view of data mining},
  author={Kleinberg, Jon and Papadimitriou, Christos and Raghavan, Prabhakar},
  journal={Data mining and knowledge discovery},
  volume={2},
  number={4},
  pages={311--324},
  year={1998},
  publisher={Springer}
}
@article{lloyd1982least,
  title={Least squares quantization in PCM},
  author={Lloyd, Stuart},
  journal={IEEE transactions on information theory},
  volume={28},
  number={2},
  pages={129--137},
  year={1982},
  publisher={IEEE}
}
@inproceedings{czumaj2004sublinear,
  title={Sublinear-time approximation for clustering via random sampling},
  author={Czumaj, Artur and Sohler, Christian},
  booktitle={International Colloquium on Automata, Languages, and Programming},
  pages={396--407},
  year={2004},
  organization={Springer}
}
@article{awasthi2015hardness,
  title={The hardness of approximation of euclidean k-means},
  author={Awasthi, Pranjal and Charikar, Moses and Krishnaswamy, Ravishankar and Sinop, Ali Kemal},
  journal={arXiv preprint arXiv:1502.03316},
  year={2015}
}
@article{lee2017improved,
  title={Improved and simplified inapproximability for k-means},
  author={Lee, Euiwoong and Schmidt, Melanie and Wright, John},
  journal={Information Processing Letters},
  volume={120},
  pages={40--43},
  year={2017},
  publisher={Elsevier}
}
@inproceedings{ahmadian2017better,
  title={Better guarantees for k-means and euclidean k-median by primal-dual algorithms},
  author={Ahmadian, Sara and Norouzi-Fard, Ashkan and Svensson, Ola and Ward, Justin},
  booktitle={2017 IEEE 58th Annual Symposium on Foundations of Computer Science (FOCS)},
  pages={61--72},
  year={2017},
  organization={Ieee}
}
@article{friggstad2019local,
  title={Local search yields a PTAS for k-means in doubling metrics},
  author={Friggstad, Zachary and Rezapour, Mohsen and Salavatipour, Mohammad R},
  journal={SIAM Journal on Computing},
  volume={48},
  number={2},
  pages={452--480},
  year={2019},
  publisher={SIAM}
}
@article{jaiswal2014simple,
  title={A simple D 2-sampling based PTAS for k-means and other clustering problems},
  author={Jaiswal, Ragesh and Kumar, Amit and Sen, Sandeep},
  journal={Algorithmica},
  volume={70},
  number={1},
  pages={22--46},
  year={2014},
  publisher={Springer}
}
@inproceedings{feldman2007ptas,
  title={A PTAS for k-means clustering based on weak coresets},
  author={Feldman, Dan and Monemizadeh, Morteza and Sohler, Christian},
  booktitle={Proceedings of the twenty-third annual symposium on Computational geometry},
  pages={11--18},
  year={2007},
  organization={ACM}
}
@techreport{Dasgupta_kmeans,
  author = {Sanjoy Dasgupta},
  title  = {Lecture 3 - Algorithms for k-means clustering},
  date   = {2013},
  institution = {UCSD},
  url = {https://cseweb.ucsd.edu/~dasgupta/291-geom/kmeans.pdf}
}
@Comment{jabref-meta: databaseType:bibtex;}
@article{孙吉贵2008聚类算法研究,
  title={聚类算法研究},
  author={孙吉贵 and 刘杰 and 赵连宇},
  journal={软件学报},
  volume={19},
  number={1},
  pages={48--61},
  year={2008}
}
@article{贺玲2007数据挖掘中的聚类算法综述,
  title={数据挖掘中的聚类算法综述},
  author={贺玲 and 吴玲达 and 蔡益朝},
  journal={计算机应用研究},
  volume={24},
  number={1},
  pages={10--13},
  year={2007}
}
@article{蔡晓妍2008谱聚类算法综述,
  title={谱聚类算法综述},
  author={蔡晓妍 and 戴冠中 and 杨黎斌},
  journal={计算机科学},
  volume={35},
  number={7},
  pages={14--18},
  year={2008}
}
@article{周涛2012数据挖掘中聚类算法研究进展,
  title={数据挖掘中聚类算法研究进展},
  author={周涛 and 陆惠玲},
  journal={计算机工程与应用},
  volume={48},
  number={12},
  pages={100--111},
  year={2012}
}
@article{吴夙慧2011k,
  title={K-means 算法研究综述},
  author={吴夙慧 and 成颖 and 郑彦宁 and 潘云涛},
  journal={数据分析与知识发现},
  volume={27},
  number={5},
  pages={28--35},
  year={2011}
}
@article{张建萍2007基于聚类分析的,
  title={基于聚类分析的 K-means 算法研究及应用},
  author={张建萍 and 刘希玉},
  journal={計算機應用研究},
  volume={24},
  number={5},
  pages={166--168},
  year={2007},
  publisher={計算機應用研究編輯部}
}
@article{周爱武2011k,
  title={K-Means 聚类算法的研究},
  author={周爱武 and 于亚飞},
  journal={计算机技术与发展},
  volume={21},
  number={2},
  pages={62--65},
  year={2011}
}